<?xml version="1.0" encoding="utf-8" standalone="yes"?>
<alto xmlns="http://www.loc.gov/standards/alto/ns-v2#" xmlns:xlink="http://www.w3.org/1999/xlink" xmlns:xsi="http://www.w3.org/2001/XMLSchema-instance">
<Description>
<MeasurementUnit>pixel</MeasurementUnit>
<OCRProcessing ID="IdOcr"><ocrProcessingStep><processingDateTime>2013-04-03</processingDateTime><processingSoftware><softwareCreator>ABBYY</softwareCreator><softwareName>ABBYY Recognition Server</softwareName><softwareVersion>4.0</softwareVersion></processingSoftware></ocrProcessingStep></OCRProcessing>
</Description>
<Styles><TextStyle ID="font0" FONTFAMILY="Times New Roman" FONTSIZE="8"/><TextStyle ID="font1" FONTFAMILY="Times New Roman" FONTSIZE="9"/><TextStyle ID="font2" FONTFAMILY="Times New Roman" FONTSIZE="11"/>
<ParagraphStyle ID="StyleId-FFFFFFFF-FFFF-FFFF-FFFF-FFFFFFFFFFFF-" ALIGN="Left" LEFT="0" RIGHT="0" FIRSTLINE="0"/>
<ParagraphStyle ID="StyleId-9B6D8FC9-C856-4D75-B732-AE7C92096AA7-" ALIGN="Left" LEFT="0" RIGHT="0" FIRSTLINE="0"/>
<ParagraphStyle ID="StyleId-FC95F9D2-9010-407A-AD35-61604549708F-" ALIGN="Block" LEFT="0" RIGHT="0" FIRSTLINE="0" LINESPACE="12"/>
<ParagraphStyle ID="StyleId-479DE67D-1BE4-495C-92C6-D12B0A8E6DF6-" ALIGN="Left" LEFT="0" RIGHT="0" FIRSTLINE="0"/>
<ParagraphStyle ID="StyleId-5189F9F9-2B8D-4440-8DD2-8AEACE02E734-" ALIGN="Block" LEFT="0" RIGHT="0" FIRSTLINE="0" LINESPACE="12"/>
</Styles>
<Layout>
<Page ID="Page1" PHYSICAL_IMG_NR="1">
<PrintSpace HEIGHT="2554" WIDTH="1632" VPOS="0" HPOS="0">
<TextBlock ID="BlockId-475728E9-63F4-48A4-B25E-D1B046A4ACE3-" HEIGHT="44" WIDTH="32" VPOS="137" HPOS="1384" STYLEREFS="StyleId-9B6D8FC9-C856-4D75-B732-AE7C92096AA7- font2">
<TextLine HEIGHT="32" WIDTH="20" VPOS="143" HPOS="1390"><String STYLE="bold" CONTENT="3" HEIGHT="32" WIDTH="20" VPOS="143" HPOS="1390"/></TextLine>
</TextBlock>
<TextBlock ID="BlockId-5061BFE9-3699-41B9-BC3E-AD1F18AC65E4-" HEIGHT="2087" WIDTH="1269" VPOS="240" HPOS="150" STYLEREFS="StyleId-FC95F9D2-9010-407A-AD35-61604549708F- font1"><Shape><Polygon POINTS="150,240 1419,240 1419,1162 1048,1162 1048,2225 1397,2225 1397,2327 150,2327 150,240"/></Shape>
<TextLine HEIGHT="38" WIDTH="1231" VPOS="246" HPOS="181" STYLEREFS="StyleId-5189F9F9-2B8D-4440-8DD2-8AEACE02E734- font1"><String CONTENT="sich" HEIGHT="29" WIDTH="63" VPOS="247" HPOS="181"/><SP WIDTH="22" VPOS="247" HPOS="245"/><String CONTENT="schwer" HEIGHT="28" WIDTH="108" VPOS="248" HPOS="268"/><SP WIDTH="21" VPOS="256" HPOS="377"/><String CONTENT="schneiden" HEIGHT="29" WIDTH="154" VPOS="247" HPOS="399"/><SP WIDTH="21" VPOS="256" HPOS="554"/><String CONTENT="noch" HEIGHT="29" WIDTH="69" VPOS="247" HPOS="576"/><SP WIDTH="24" VPOS="247" HPOS="646"/><String CONTENT="schwieriger" HEIGHT="38" WIDTH="184" VPOS="246" HPOS="671"/><SP WIDTH="22" VPOS="256" HPOS="856"/><String CONTENT="spalten" HEIGHT="36" WIDTH="111" VPOS="248" HPOS="879"/><SP WIDTH="21" VPOS="248" HPOS="991"/><String CONTENT="lässt;" HEIGHT="35" WIDTH="89" VPOS="248" HPOS="1013"/><SP WIDTH="22" VPOS="247" HPOS="1103"/><String CONTENT="hierbei" HEIGHT="29" WIDTH="110" VPOS="247" HPOS="1126"/><SP WIDTH="20" VPOS="247" HPOS="1237"/><String CONTENT="fühlt" HEIGHT="29" WIDTH="77" VPOS="247" HPOS="1258"/><SP WIDTH="14" VPOS="248" HPOS="1336"/><String CONTENT="sich" HEIGHT="29" WIDTH="61" VPOS="248" HPOS="1351"/></TextLine>
<TextLine HEIGHT="36" WIDTH="1231" VPOS="299" HPOS="179" STYLEREFS="StyleId-5189F9F9-2B8D-4440-8DD2-8AEACE02E734- font1"><String CONTENT="derselbe" HEIGHT="28" WIDTH="126" VPOS="300" HPOS="179"/><SP WIDTH="22" VPOS="300" HPOS="306"/><String CONTENT="fettig" HEIGHT="36" WIDTH="86" VPOS="299" HPOS="329"/><SP WIDTH="21" VPOS="308" HPOS="416"/><String CONTENT="an," HEIGHT="27" WIDTH="45" VPOS="308" HPOS="438"/><SP WIDTH="24" VPOS="300" HPOS="484"/><String CONTENT="klebt" HEIGHT="29" WIDTH="80" VPOS="299" HPOS="509"/><SP WIDTH="20" VPOS="300" HPOS="590"/><String CONTENT="stark" HEIGHT="28" WIDTH="82" VPOS="300" HPOS="611"/><SP WIDTH="21" VPOS="300" HPOS="694"/><String CONTENT="an" HEIGHT="19" WIDTH="37" VPOS="308" HPOS="716"/><SP WIDTH="21" VPOS="300" HPOS="754"/><String CONTENT="der" HEIGHT="28" WIDTH="50" VPOS="300" HPOS="776"/><SP WIDTH="21" VPOS="300" HPOS="827"/><String CONTENT="Zunge" HEIGHT="35" WIDTH="97" VPOS="300" HPOS="849"/><SP WIDTH="21" VPOS="308" HPOS="947"/><String CONTENT="und" HEIGHT="28" WIDTH="58" VPOS="300" HPOS="969"/><SP WIDTH="21" VPOS="300" HPOS="1028"/><String CONTENT="zeigt" HEIGHT="35" WIDTH="75" VPOS="300" HPOS="1050"/><SP WIDTH="21" VPOS="300" HPOS="1126"/><String CONTENT="einen" HEIGHT="29" WIDTH="81" VPOS="299" HPOS="1148"/><SP WIDTH="28" VPOS="308" HPOS="1230"/><String CONTENT="charakte" HEIGHT="28" WIDTH="137" VPOS="300" HPOS="1259"/><HYP CONTENT="172"/></TextLine>
<TextLine HEIGHT="38" WIDTH="1232" VPOS="351" HPOS="178" STYLEREFS="StyleId-5189F9F9-2B8D-4440-8DD2-8AEACE02E734- font1"><String CONTENT="ristischen" HEIGHT="29" WIDTH="152" VPOS="351" HPOS="178"/><SP WIDTH="22" VPOS="351" HPOS="331"/><String CONTENT="Schimmer," HEIGHT="37" WIDTH="165" VPOS="351" HPOS="354"/><SP WIDTH="23" VPOS="351" HPOS="520"/><String CONTENT="der" HEIGHT="28" WIDTH="49" VPOS="351" HPOS="544"/><SP WIDTH="29" VPOS="360" HPOS="594"/><String CONTENT="stellenweise" HEIGHT="29" WIDTH="187" VPOS="351" HPOS="624"/><SP WIDTH="29" VPOS="352" HPOS="812"/><String CONTENT="in" HEIGHT="28" WIDTH="29" VPOS="352" HPOS="842"/><SP WIDTH="31" VPOS="352" HPOS="872"/><String CONTENT="Seidenglanz" HEIGHT="36" WIDTH="188" VPOS="351" HPOS="904"/><SP WIDTH="27" VPOS="354" HPOS="1093"/><String CONTENT="übergeht." HEIGHT="37" WIDTH="149" VPOS="352" HPOS="1121"/><SP WIDTH="44" VPOS="352" HPOS="1271"/><String CONTENT="Ange" HEIGHT="37" WIDTH="80" VPOS="352" HPOS="1316"/><HYP CONTENT="172"/></TextLine>
<TextLine HEIGHT="38" WIDTH="1235" VPOS="403" HPOS="177" STYLEREFS="StyleId-5189F9F9-2B8D-4440-8DD2-8AEACE02E734- font1"><String CONTENT="haucht" HEIGHT="28" WIDTH="108" VPOS="404" HPOS="177"/><SP WIDTH="14" VPOS="404" HPOS="286"/><String CONTENT="entwickelt" HEIGHT="29" WIDTH="161" VPOS="403" HPOS="301"/><SP WIDTH="14" VPOS="403" HPOS="463"/><String CONTENT="derselbe" HEIGHT="29" WIDTH="127" VPOS="403" HPOS="478"/><SP WIDTH="15" VPOS="411" HPOS="606"/><String CONTENT="einen" HEIGHT="28" WIDTH="83" VPOS="403" HPOS="622"/><SP WIDTH="17" VPOS="412" HPOS="706"/><String CONTENT="stacken" HEIGHT="35" WIDTH="116" VPOS="403" HPOS="724"/><SP WIDTH="13" VPOS="404" HPOS="841"/><String CONTENT="thonigen" HEIGHT="36" WIDTH="143" VPOS="403" HPOS="855"/><SP WIDTH="11" VPOS="403" HPOS="999"/><String CONTENT="Geruch." HEIGHT="31" WIDTH="120" VPOS="403" HPOS="1011"/><SP WIDTH="24" VPOS="403" HPOS="1132"/><String CONTENT="Geglüht" HEIGHT="38" WIDTH="124" VPOS="403" HPOS="1157"/><SP WIDTH="15" VPOS="404" HPOS="1282"/><String CONTENT="wird" HEIGHT="28" WIDTH="71" VPOS="404" HPOS="1298"/><SP WIDTH="11" VPOS="405" HPOS="1370"/><String CONTENT="er" HEIGHT="20" WIDTH="30" VPOS="413" HPOS="1382"/></TextLine>
<TextLine HEIGHT="39" WIDTH="1234" VPOS="454" HPOS="179" STYLEREFS="StyleId-5189F9F9-2B8D-4440-8DD2-8AEACE02E734- font1"><String CONTENT="anfangs" HEIGHT="37" WIDTH="123" VPOS="455" HPOS="179"/><SP WIDTH="21" VPOS="463" HPOS="303"/><String CONTENT="roth," HEIGHT="35" WIDTH="74" VPOS="455" HPOS="325"/><SP WIDTH="23" VPOS="464" HPOS="400"/><String CONTENT="später" HEIGHT="36" WIDTH="97" VPOS="455" HPOS="424"/><SP WIDTH="21" VPOS="464" HPOS="522"/><String CONTENT="weiss," HEIGHT="35" WIDTH="95" VPOS="454" HPOS="544"/><SP WIDTH="23" VPOS="455" HPOS="640"/><String CONTENT="Säuren" HEIGHT="28" WIDTH="107" VPOS="455" HPOS="664"/><SP WIDTH="20" VPOS="464" HPOS="772"/><String CONTENT="greifen" HEIGHT="37" WIDTH="110" VPOS="455" HPOS="793"/><SP WIDTH="22" VPOS="455" HPOS="904"/><String CONTENT="denselben" HEIGHT="29" WIDTH="150" VPOS="455" HPOS="927"/><SP WIDTH="13" VPOS="464" HPOS="1078"/><String CONTENT="nicht" HEIGHT="29" WIDTH="82" VPOS="455" HPOS="1092"/><SP WIDTH="13" VPOS="456" HPOS="1175"/><String CONTENT="an" HEIGHT="19" WIDTH="36" VPOS="465" HPOS="1189"/><SP WIDTH="10" VPOS="465" HPOS="1226"/><String CONTENT=";" HEIGHT="26" WIDTH="7" VPOS="466" HPOS="1237"/><SP WIDTH="22" VPOS="464" HPOS="1245"/><String CONTENT="sein" HEIGHT="29" WIDTH="60" VPOS="456" HPOS="1268"/><SP WIDTH="16" VPOS="465" HPOS="1329"/><String CONTENT="spe" HEIGHT="28" WIDTH="49" VPOS="465" HPOS="1346"/><HYP CONTENT="172"/></TextLine>
<TextLine HEIGHT="38" WIDTH="637" VPOS="506" HPOS="179" STYLEREFS="StyleId-5189F9F9-2B8D-4440-8DD2-8AEACE02E734- font1"><String CONTENT="zifisches" HEIGHT="28" WIDTH="128" VPOS="508" HPOS="179"/><SP WIDTH="23" VPOS="508" HPOS="308"/><String CONTENT="Gewicht" HEIGHT="29" WIDTH="126" VPOS="507" HPOS="332"/><SP WIDTH="22" VPOS="509" HPOS="459"/><String CONTENT="beträgt:" HEIGHT="36" WIDTH="128" VPOS="508" HPOS="482"/><SP WIDTH="24" VPOS="506" HPOS="611"/><String CONTENT="2’45." HEIGHT="32" WIDTH="83" VPOS="506" HPOS="636"/><SP WIDTH="85" VPOS="525" HPOS="720"/><String CONTENT="»" HEIGHT="13" WIDTH="10" VPOS="525" HPOS="806"/></TextLine>
<TextLine HEIGHT="36" WIDTH="1129" VPOS="572" HPOS="279" STYLEREFS="StyleId-5189F9F9-2B8D-4440-8DD2-8AEACE02E734- font1"><String CONTENT="Von" HEIGHT="29" WIDTH="61" VPOS="573" HPOS="279"/><SP WIDTH="22" VPOS="581" HPOS="341"/><String CONTENT="accessorischen" HEIGHT="29" WIDTH="222" VPOS="572" HPOS="364"/><SP WIDTH="22" VPOS="573" HPOS="587"/><String CONTENT="Bestandtheilen" HEIGHT="29" WIDTH="236" VPOS="572" HPOS="610"/><SP WIDTH="23" VPOS="572" HPOS="847"/><String CONTENT="ist" HEIGHT="29" WIDTH="39" VPOS="572" HPOS="871"/><SP WIDTH="29" VPOS="573" HPOS="911"/><String CONTENT="der" HEIGHT="28" WIDTH="49" VPOS="573" HPOS="941"/><SP WIDTH="27" VPOS="573" HPOS="991"/><String CONTENT="Schieferthon" HEIGHT="30" WIDTH="198" VPOS="572" HPOS="1019"/><SP WIDTH="27" VPOS="573" HPOS="1218"/><String CONTENT="frei," HEIGHT="35" WIDTH="65" VPOS="573" HPOS="1246"/><SP WIDTH="31" VPOS="575" HPOS="1312"/><String CONTENT="hin" HEIGHT="29" WIDTH="49" VPOS="574" HPOS="1344"/><HYP CONTENT="172"/></TextLine>
<TextLine HEIGHT="38" WIDTH="1232" VPOS="624" HPOS="175" STYLEREFS="StyleId-5189F9F9-2B8D-4440-8DD2-8AEACE02E734- font1"><String CONTENT="gegen" HEIGHT="28" WIDTH="92" VPOS="633" HPOS="175"/><SP WIDTH="21" VPOS="625" HPOS="268"/><String CONTENT="treten" HEIGHT="28" WIDTH="93" VPOS="625" HPOS="290"/><SP WIDTH="22" VPOS="625" HPOS="384"/><String CONTENT="Thier-Petrefacten" HEIGHT="29" WIDTH="283" VPOS="624" HPOS="407"/><SP WIDTH="27" VPOS="624" HPOS="691"/><String CONTENT="in" HEIGHT="28" WIDTH="30" VPOS="624" HPOS="719"/><SP WIDTH="21" VPOS="625" HPOS="750"/><String CONTENT="derartiger" HEIGHT="37" WIDTH="160" VPOS="624" HPOS="772"/><SP WIDTH="29" VPOS="625" HPOS="933"/><String CONTENT="Menge" HEIGHT="36" WIDTH="101" VPOS="625" HPOS="963"/><SP WIDTH="29" VPOS="633" HPOS="1065"/><String CONTENT="auf," HEIGHT="38" WIDTH="58" VPOS="624" HPOS="1095"/><SP WIDTH="30" VPOS="625" HPOS="1154"/><String CONTENT="dass" HEIGHT="30" WIDTH="66" VPOS="625" HPOS="1185"/><SP WIDTH="28" VPOS="626" HPOS="1252"/><String CONTENT="derselbe" HEIGHT="30" WIDTH="126" VPOS="626" HPOS="1281"/></TextLine>
<TextLine HEIGHT="37" WIDTH="674" VPOS="675" HPOS="175" STYLEREFS="StyleId-5189F9F9-2B8D-4440-8DD2-8AEACE02E734- font1"><String CONTENT="stellenweise" HEIGHT="28" WIDTH="186" VPOS="677" HPOS="175"/><SP WIDTH="21" VPOS="685" HPOS="362"/><String CONTENT="von" HEIGHT="21" WIDTH="54" VPOS="684" HPOS="384"/><SP WIDTH="21" VPOS="677" HPOS="439"/><String CONTENT="diesen" HEIGHT="29" WIDTH="97" VPOS="676" HPOS="461"/><SP WIDTH="20" VPOS="685" HPOS="559"/><String CONTENT="ganz" HEIGHT="28" WIDTH="72" VPOS="684" HPOS="580"/><SP WIDTH="22" VPOS="685" HPOS="653"/><String CONTENT="erfüllt" HEIGHT="30" WIDTH="102" VPOS="675" HPOS="676"/><SP WIDTH="19" VPOS="676" HPOS="779"/><String CONTENT="ist." HEIGHT="30" WIDTH="50" VPOS="676" HPOS="799"/></TextLine>
<TextLine HEIGHT="38" WIDTH="1129" VPOS="739" HPOS="277"><String CONTENT="Mit" HEIGHT="28" WIDTH="55" VPOS="741" HPOS="277"/><SP WIDTH="20" VPOS="741" HPOS="333"/><String CONTENT="Ausnahme" HEIGHT="29" WIDTH="165" VPOS="741" HPOS="354"/><SP WIDTH="20" VPOS="749" HPOS="520"/><String CONTENT="von" HEIGHT="21" WIDTH="55" VPOS="749" HPOS="541"/><SP WIDTH="25" VPOS="750" HPOS="597"/><String CONTENT="wenigen" HEIGHT="36" WIDTH="133" VPOS="741" HPOS="623"/><SP WIDTH="26" VPOS="742" HPOS="757"/><String CONTENT="bisher" HEIGHT="30" WIDTH="98" VPOS="741" HPOS="784"/><SP WIDTH="22" VPOS="739" HPOS="883"/><String CONTENT="‘unbestimmbaren" HEIGHT="32" WIDTH="270" VPOS="739" HPOS="906"/><SP WIDTH="21" VPOS="743" HPOS="1177"/><String CONTENT="Steinkernen" HEIGHT="30" WIDTH="187" VPOS="743" HPOS="1199"/><SP WIDTH="11" VPOS="753" HPOS="1387"/><String CONTENT=":" HEIGHT="21" WIDTH="7" VPOS="753" HPOS="1399"/></TextLine>
<TextLine HEIGHT="40" WIDTH="1232" VPOS="792" HPOS="174"><String CONTENT="einer" HEIGHT="29" WIDTH="79" VPOS="794" HPOS="174"/><SP WIDTH="20" VPOS="794" HPOS="254"/><String CONTENT="Koralle" HEIGHT="28" WIDTH="114" VPOS="794" HPOS="275"/><SP WIDTH="22" VPOS="794" HPOS="390"/><String STYLE="italics" CONTENT="(Cyathophyllum?)" HEIGHT="39" WIDTH="313" VPOS="792" HPOS="413"/><SP WIDTH="15" VPOS="793" HPOS="727"/><String CONTENT="einer" HEIGHT="29" WIDTH="79" VPOS="793" HPOS="743"/><SP WIDTH="14" VPOS="794" HPOS="823"/><String CONTENT="Brachiopode" HEIGHT="37" WIDTH="196" VPOS="793" HPOS="838"/><SP WIDTH="16" VPOS="794" HPOS="1035"/><String STYLE="italics" CONTENT="(Spirifer?)" HEIGHT="38" WIDTH="187" VPOS="794" HPOS="1052"/><SP WIDTH="13" VPOS="795" HPOS="1240"/><String CONTENT="und" HEIGHT="28" WIDTH="59" VPOS="796" HPOS="1254"/><SP WIDTH="13" VPOS="796" HPOS="1314"/><String CONTENT="einer" HEIGHT="29" WIDTH="78" VPOS="796" HPOS="1328"/></TextLine>
<TextLine HEIGHT="38" WIDTH="1234" VPOS="845" HPOS="174"><String CONTENT="Gasteropode" HEIGHT="36" WIDTH="190" VPOS="846" HPOS="174"/><SP WIDTH="30" VPOS="846" HPOS="365"/><String STYLE="italics" CONTENT="(Turritella?)" HEIGHT="38" WIDTH="225" VPOS="845" HPOS="396"/><SP WIDTH="34" VPOS="845" HPOS="622"/><String CONTENT="sind" HEIGHT="29" WIDTH="64" VPOS="845" HPOS="657"/><SP WIDTH="32" VPOS="845" HPOS="722"/><String CONTENT="vorzugsweise" HEIGHT="37" WIDTH="204" VPOS="845" HPOS="755"/><SP WIDTH="29" VPOS="847" HPOS="960"/><String CONTENT="Abdrücke" HEIGHT="28" WIDTH="153" VPOS="847" HPOS="990"/><SP WIDTH="26" VPOS="855" HPOS="1144"/><String CONTENT="von" HEIGHT="20" WIDTH="54" VPOS="856" HPOS="1171"/><SP WIDTH="31" VPOS="848" HPOS="1226"/><String CONTENT="Crinoiden" HEIGHT="30" WIDTH="150" VPOS="847" HPOS="1258"/></TextLine>
<TextLine HEIGHT="40" WIDTH="1234" VPOS="897" HPOS="171"><String CONTENT="vorhanden," HEIGHT="34" WIDTH="174" VPOS="898" HPOS="171"/><SP WIDTH="28" VPOS="907" HPOS="346"/><String CONTENT="zumeist" HEIGHT="28" WIDTH="121" VPOS="898" HPOS="375"/><SP WIDTH="31" VPOS="897" HPOS="497"/><String CONTENT="in" HEIGHT="28" WIDTH="30" VPOS="897" HPOS="529"/><SP WIDTH="21" VPOS="898" HPOS="560"/><String CONTENT="kleinen" HEIGHT="29" WIDTH="113" VPOS="897" HPOS="582"/><SP WIDTH="22" VPOS="898" HPOS="696"/><String CONTENT="Höhlungen," HEIGHT="37" WIDTH="182" VPOS="898" HPOS="719"/><SP WIDTH="24" VPOS="907" HPOS="902"/><String CONTENT="welche" HEIGHT="28" WIDTH="105" VPOS="899" HPOS="927"/><SP WIDTH="23" VPOS="900" HPOS="1033"/><String CONTENT="die" HEIGHT="28" WIDTH="45" VPOS="899" HPOS="1057"/><SP WIDTH="22" VPOS="900" HPOS="1103"/><String CONTENT="Körper" HEIGHT="37" WIDTH="109" VPOS="900" HPOS="1126"/><SP WIDTH="21" VPOS="909" HPOS="1236"/><String CONTENT="nach" HEIGHT="29" WIDTH="72" VPOS="901" HPOS="1258"/><SP WIDTH="23" VPOS="901" HPOS="1331"/><String CONTENT="der" HEIGHT="30" WIDTH="50" VPOS="901" HPOS="1355"/></TextLine>
<TextLine HEIGHT="37" WIDTH="802" VPOS="949" HPOS="171"><String CONTENT="Auflösung" HEIGHT="35" WIDTH="160" VPOS="950" HPOS="171"/><SP WIDTH="21" VPOS="958" HPOS="332"/><String CONTENT="und" HEIGHT="28" WIDTH="58" VPOS="950" HPOS="354"/><SP WIDTH="21" VPOS="949" HPOS="413"/><String CONTENT="Fortführung" HEIGHT="37" WIDTH="198" VPOS="949" HPOS="435"/><SP WIDTH="21" VPOS="949" HPOS="634"/><String CONTENT="hinterlassen" HEIGHT="30" WIDTH="191" VPOS="949" HPOS="656"/><SP WIDTH="21" VPOS="951" HPOS="848"/><String CONTENT="haben." HEIGHT="29" WIDTH="103" VPOS="950" HPOS="870"/></TextLine>
<TextLine HEIGHT="41" WIDTH="1126" VPOS="1015" HPOS="276"><String CONTENT="Diese" HEIGHT="29" WIDTH="84" VPOS="1015" HPOS="276"/><SP WIDTH="21" VPOS="1017" HPOS="361"/><String CONTENT="Abdrücke" HEIGHT="28" WIDTH="150" VPOS="1016" HPOS="383"/><SP WIDTH="21" VPOS="1024" HPOS="534"/><String CONTENT="von" HEIGHT="20" WIDTH="54" VPOS="1024" HPOS="556"/><SP WIDTH="28" VPOS="1015" HPOS="611"/><String CONTENT="Crinoiden" HEIGHT="29" WIDTH="151" VPOS="1015" HPOS="640"/><SP WIDTH="21" VPOS="1024" HPOS="792"/><String CONTENT="erscheinen" HEIGHT="29" WIDTH="167" VPOS="1015" HPOS="814"/><SP WIDTH="23" VPOS="1025" HPOS="982"/><String CONTENT="zumeist" HEIGHT="30" WIDTH="121" VPOS="1016" HPOS="1006"/><SP WIDTH="28" VPOS="1017" HPOS="1128"/><String CONTENT="als" HEIGHT="28" WIDTH="42" VPOS="1018" HPOS="1157"/><SP WIDTH="28" VPOS="1027" HPOS="1200"/><String CONTENT="sogenannte" HEIGHT="36" WIDTH="173" VPOS="1020" HPOS="1229"/></TextLine>
<TextLine HEIGHT="34" WIDTH="1227" VPOS="1067" HPOS="173"><String CONTENT="Schraubensteine." HEIGHT="29" WIDTH="263" VPOS="1068" HPOS="173"/><SP WIDTH="44" VPOS="1069" HPOS="437"/><String CONTENT="Dünne" HEIGHT="27" WIDTH="99" VPOS="1069" HPOS="482"/><SP WIDTH="22" VPOS="1068" HPOS="582"/><String CONTENT="kreisrunde" HEIGHT="29" WIDTH="168" VPOS="1067" HPOS="605"/><SP WIDTH="21" VPOS="1068" HPOS="774"/><String CONTENT="Scheibchen" HEIGHT="29" WIDTH="173" VPOS="1068" HPOS="796"/><SP WIDTH="29" VPOS="1077" HPOS="970"/><String CONTENT="von" HEIGHT="20" WIDTH="53" VPOS="1077" HPOS="1000"/><SP WIDTH="26" VPOS="1068" HPOS="1054"/><String CONTENT="5" HEIGHT="31" WIDTH="20" VPOS="1068" HPOS="1081"/><SP WIDTH="22" VPOS="1068" HPOS="1102"/><String CONTENT="bis" HEIGHT="29" WIDTH="46" VPOS="1070" HPOS="1125"/><SP WIDTH="21" VPOS="1070" HPOS="1172"/><String CONTENT="8" HEIGHT="31" WIDTH="18" VPOS="1070" HPOS="1194"/><String STYLE="superscript" CONTENT="mm" HEIGHT="14" WIDTH="42" VPOS="1074" HPOS="1215"/><String CONTENT="-" HEIGHT="5" WIDTH="4" VPOS="1084" HPOS="1260"/><SP WIDTH="23" VPOS="1073" HPOS="1265"/><String CONTENT="Durch" HEIGHT="28" WIDTH="95" VPOS="1073" HPOS="1289"/><HYP CONTENT="172"/></TextLine>
<TextLine HEIGHT="36" WIDTH="1231" VPOS="1119" HPOS="171"><String CONTENT="messer" HEIGHT="22" WIDTH="107" VPOS="1128" HPOS="171"/><SP WIDTH="21" VPOS="1129" HPOS="279"/><String CONTENT="sind" HEIGHT="29" WIDTH="65" VPOS="1120" HPOS="301"/><SP WIDTH="27" VPOS="1120" HPOS="367"/><String CONTENT="in" HEIGHT="28" WIDTH="30" VPOS="1120" HPOS="395"/><SP WIDTH="21" VPOS="1120" HPOS="426"/><String CONTENT="Abständen" HEIGHT="28" WIDTH="168" VPOS="1120" HPOS="448"/><SP WIDTH="27" VPOS="1128" HPOS="617"/><String CONTENT="von" HEIGHT="20" WIDTH="56" VPOS="1128" HPOS="645"/><SP WIDTH="25" VPOS="1119" HPOS="702"/><String CONTENT="2" HEIGHT="30" WIDTH="20" VPOS="1119" HPOS="728"/><SP WIDTH="21" VPOS="1119" HPOS="749"/><String CONTENT="bis" HEIGHT="30" WIDTH="45" VPOS="1119" HPOS="771"/><SP WIDTH="29" VPOS="1120" HPOS="817"/><String CONTENT="3" HEIGHT="31" WIDTH="19" VPOS="1120" HPOS="847"/><String STYLE="superscript" CONTENT="mm" HEIGHT="14" WIDTH="41" VPOS="1123" HPOS="867"/><String CONTENT="-" HEIGHT="6" WIDTH="5" VPOS="1132" HPOS="911"/><SP WIDTH="23" VPOS="1121" HPOS="917"/><String CONTENT="durch" HEIGHT="28" WIDTH="89" VPOS="1121" HPOS="941"/><SP WIDTH="28" VPOS="1121" HPOS="1031"/><String CONTENT="eine" HEIGHT="30" WIDTH="62" VPOS="1121" HPOS="1060"/><SP WIDTH="29" VPOS="1130" HPOS="1123"/><String CONTENT="centrale" HEIGHT="29" WIDTH="125" VPOS="1125" HPOS="1153"/><SP WIDTH="29" VPOS="1126" HPOS="1279"/><String CONTENT="Achse" HEIGHT="29" WIDTH="93" VPOS="1126" HPOS="1309"/></TextLine>
<TextLine HEIGHT="42" WIDTH="871" VPOS="1169" HPOS="170"><String CONTENT="von" HEIGHT="21" WIDTH="54" VPOS="1180" HPOS="170"/><SP WIDTH="22" VPOS="1170" HPOS="225"/><String CONTENT="5" HEIGHT="32" WIDTH="20" VPOS="1170" HPOS="248"/><SP WIDTH="20" VPOS="1170" HPOS="269"/><String CONTENT="bis" HEIGHT="29" WIDTH="45" VPOS="1171" HPOS="290"/><SP WIDTH="22" VPOS="1171" HPOS="336"/><String CONTENT="20" HEIGHT="33" WIDTH="42" VPOS="1169" HPOS="359"/><String STYLE="superscript" CONTENT="mm" HEIGHT="13" WIDTH="41" VPOS="1174" HPOS="401"/><String CONTENT="-" HEIGHT="5" WIDTH="4" VPOS="1183" HPOS="445"/><SP WIDTH="24" VPOS="1172" HPOS="450"/><String CONTENT="Länge" HEIGHT="35" WIDTH="98" VPOS="1172" HPOS="475"/><SP WIDTH="20" VPOS="1180" HPOS="574"/><String CONTENT="verbunden." HEIGHT="28" WIDTH="176" VPOS="1172" HPOS="595"/><SP WIDTH="21" VPOS="1172" HPOS="772"/><String CONTENT="Fig." HEIGHT="37" WIDTH="63" VPOS="1172" HPOS="794"/><SP WIDTH="17" VPOS="1171" HPOS="858"/><String CONTENT="1" HEIGHT="30" WIDTH="16" VPOS="1171" HPOS="876"/><SP WIDTH="18" VPOS="1169" HPOS="893"/><String CONTENT="(um" HEIGHT="42" WIDTH="61" VPOS="1169" HPOS="912"/><SP WIDTH="15" VPOS="1172" HPOS="974"/><String CONTENT="das" HEIGHT="29" WIDTH="51" VPOS="1172" HPOS="990"/></TextLine>
<TextLine HEIGHT="42" WIDTH="868" VPOS="1220" HPOS="173"><String CONTENT="Doppelte" HEIGHT="37" WIDTH="139" VPOS="1223" HPOS="173"/><SP WIDTH="28" VPOS="1232" HPOS="313"/><String CONTENT="vergrössert)." HEIGHT="42" WIDTH="200" VPOS="1220" HPOS="342"/><SP WIDTH="45" VPOS="1223" HPOS="543"/><String CONTENT="Scheibchen" HEIGHT="29" WIDTH="171" VPOS="1223" HPOS="589"/><SP WIDTH="28" VPOS="1232" HPOS="761"/><String CONTENT="und" HEIGHT="28" WIDTH="58" VPOS="1224" HPOS="790"/><SP WIDTH="24" VPOS="1224" HPOS="849"/><String CONTENT="Achse" HEIGHT="29" WIDTH="94" VPOS="1224" HPOS="874"/><SP WIDTH="21" VPOS="1226" HPOS="969"/><String CONTENT="be" HEIGHT="27" WIDTH="33" VPOS="1226" HPOS="991"/><HYP CONTENT="172"/></TextLine>
<TextLine HEIGHT="36" WIDTH="867" VPOS="1275" HPOS="173"><String CONTENT="stehen" HEIGHT="28" WIDTH="101" VPOS="1276" HPOS="173"/><SP WIDTH="21" VPOS="1284" HPOS="275"/><String CONTENT="aus" HEIGHT="20" WIDTH="50" VPOS="1284" HPOS="297"/><SP WIDTH="18" VPOS="1275" HPOS="348"/><String CONTENT="Eisenocker" HEIGHT="29" WIDTH="169" VPOS="1275" HPOS="367"/><SP WIDTH="20" VPOS="1283" HPOS="537"/><String CONTENT="und" HEIGHT="28" WIDTH="59" VPOS="1275" HPOS="558"/><SP WIDTH="20" VPOS="1275" HPOS="618"/><String CONTENT="liegen" HEIGHT="36" WIDTH="92" VPOS="1275" HPOS="639"/><SP WIDTH="20" VPOS="1275" HPOS="732"/><String CONTENT="in" HEIGHT="28" WIDTH="30" VPOS="1275" HPOS="753"/><SP WIDTH="21" VPOS="1283" HPOS="784"/><String CONTENT="einem" HEIGHT="29" WIDTH="92" VPOS="1275" HPOS="806"/><SP WIDTH="21" VPOS="1276" HPOS="899"/><String CONTENT="Kanäle," HEIGHT="35" WIDTH="119" VPOS="1276" HPOS="921"/></TextLine>
<TextLine HEIGHT="37" WIDTH="869" VPOS="1326" HPOS="170"><String CONTENT="welchen" HEIGHT="28" WIDTH="125" VPOS="1328" HPOS="170"/><SP WIDTH="21" VPOS="1336" HPOS="296"/><String CONTENT="einst" HEIGHT="29" WIDTH="74" VPOS="1327" HPOS="318"/><SP WIDTH="21" VPOS="1327" HPOS="393"/><String CONTENT="die" HEIGHT="29" WIDTH="46" VPOS="1326" HPOS="415"/><SP WIDTH="14" VPOS="1327" HPOS="462"/><String CONTENT="Säulenglieder" HEIGHT="37" WIDTH="212" VPOS="1326" HPOS="477"/><SP WIDTH="14" VPOS="1335" HPOS="690"/><String CONTENT="eines" HEIGHT="28" WIDTH="77" VPOS="1327" HPOS="705"/><SP WIDTH="15" VPOS="1327" HPOS="783"/><String CONTENT="Crinoiden" HEIGHT="29" WIDTH="151" VPOS="1327" HPOS="799"/><SP WIDTH="18" VPOS="1336" HPOS="951"/><String CONTENT="aus" HEIGHT="21" WIDTH="51" VPOS="1336" HPOS="970"/><HYP CONTENT="172"/></TextLine>
<TextLine HEIGHT="39" WIDTH="873" VPOS="1378" HPOS="166"><String CONTENT="gefüllt" HEIGHT="37" WIDTH="103" VPOS="1380" HPOS="166"/><SP WIDTH="22" VPOS="1380" HPOS="270"/><String CONTENT="haben." HEIGHT="27" WIDTH="103" VPOS="1381" HPOS="293"/><SP WIDTH="31" VPOS="1379" HPOS="397"/><String CONTENT="Diese" HEIGHT="29" WIDTH="85" VPOS="1378" HPOS="429"/><SP WIDTH="20" VPOS="1387" HPOS="515"/><String CONTENT="ursprünglich" HEIGHT="37" WIDTH="208" VPOS="1378" HPOS="536"/><SP WIDTH="13" VPOS="1379" HPOS="745"/><String CONTENT="aus" HEIGHT="20" WIDTH="51" VPOS="1387" HPOS="759"/><SP WIDTH="21" VPOS="1379" HPOS="811"/><String CONTENT="Kalk" HEIGHT="28" WIDTH="75" VPOS="1379" HPOS="833"/><SP WIDTH="14" VPOS="1380" HPOS="909"/><String CONTENT="bestan" HEIGHT="28" WIDTH="101" VPOS="1380" HPOS="924"/><HYP CONTENT="172"/></TextLine>
<TextLine HEIGHT="37" WIDTH="870" VPOS="1430" HPOS="169"><String CONTENT="denen" HEIGHT="28" WIDTH="91" VPOS="1433" HPOS="169"/><SP WIDTH="21" VPOS="1432" HPOS="261"/><String CONTENT="Glieder" HEIGHT="28" WIDTH="111" VPOS="1432" HPOS="283"/><SP WIDTH="22" VPOS="1439" HPOS="395"/><String CONTENT="sind" HEIGHT="28" WIDTH="65" VPOS="1431" HPOS="418"/><SP WIDTH="21" VPOS="1431" HPOS="484"/><String CONTENT="hier" HEIGHT="29" WIDTH="64" VPOS="1430" HPOS="506"/><SP WIDTH="31" VPOS="1439" HPOS="571"/><String CONTENT="aufgelöst" HEIGHT="36" WIDTH="145" VPOS="1430" HPOS="603"/><SP WIDTH="27" VPOS="1431" HPOS="749"/><String CONTENT="und" HEIGHT="28" WIDTH="58" VPOS="1431" HPOS="777"/><SP WIDTH="28" VPOS="1430" HPOS="836"/><String CONTENT="fortgeführt" HEIGHT="37" WIDTH="174" VPOS="1430" HPOS="865"/></TextLine>
<TextLine HEIGHT="39" WIDTH="870" VPOS="1482" HPOS="167"><String CONTENT="worden," HEIGHT="36" WIDTH="121" VPOS="1485" HPOS="167"/><SP WIDTH="24" VPOS="1492" HPOS="289"/><String CONTENT="so" HEIGHT="21" WIDTH="30" VPOS="1492" HPOS="314"/><SP WIDTH="21" VPOS="1484" HPOS="345"/><String CONTENT="dass" HEIGHT="28" WIDTH="66" VPOS="1484" HPOS="367"/><SP WIDTH="21" VPOS="1484" HPOS="434"/><String CONTENT="blos" HEIGHT="29" WIDTH="61" VPOS="1483" HPOS="456"/><SP WIDTH="21" VPOS="1483" HPOS="518"/><String CONTENT="der" HEIGHT="28" WIDTH="50" VPOS="1483" HPOS="540"/><SP WIDTH="20" VPOS="1482" HPOS="591"/><String CONTENT="Abdruck" HEIGHT="29" WIDTH="136" VPOS="1482" HPOS="612"/><SP WIDTH="30" VPOS="1483" HPOS="749"/><String CONTENT="der" HEIGHT="28" WIDTH="49" VPOS="1483" HPOS="780"/><SP WIDTH="20" VPOS="1483" HPOS="830"/><String CONTENT="Aussenseite" HEIGHT="29" WIDTH="186" VPOS="1483" HPOS="851"/></TextLine>
<TextLine HEIGHT="38" WIDTH="873" VPOS="1534" HPOS="165"><String CONTENT="nnd" HEIGHT="29" WIDTH="58" VPOS="1537" HPOS="165"/><SP WIDTH="22" VPOS="1537" HPOS="224"/><String CONTENT="die" HEIGHT="29" WIDTH="46" VPOS="1536" HPOS="247"/><SP WIDTH="23" VPOS="1544" HPOS="294"/><String CONTENT="ockerige" HEIGHT="38" WIDTH="129" VPOS="1534" HPOS="318"/><SP WIDTH="29" VPOS="1535" HPOS="448"/><String CONTENT="Ausfüllung" HEIGHT="36" WIDTH="173" VPOS="1535" HPOS="478"/><SP WIDTH="30" VPOS="1535" HPOS="652"/><String CONTENT="der" HEIGHT="28" WIDTH="49" VPOS="1535" HPOS="683"/><SP WIDTH="26" VPOS="1534" HPOS="733"/><String CONTENT="inneren" HEIGHT="30" WIDTH="117" VPOS="1534" HPOS="760"/><SP WIDTH="26" VPOS="1535" HPOS="878"/><String CONTENT="Höhlun" HEIGHT="29" WIDTH="117" VPOS="1535" HPOS="905"/><HYP CONTENT="172"/></TextLine>
<TextLine HEIGHT="39" WIDTH="872" VPOS="1586" HPOS="166"><String CONTENT="gen" HEIGHT="28" WIDTH="54" VPOS="1597" HPOS="166"/><SP WIDTH="15" VPOS="1589" HPOS="221"/><String CONTENT="des" HEIGHT="28" WIDTH="49" VPOS="1589" HPOS="237"/><SP WIDTH="21" VPOS="1588" HPOS="287"/><String CONTENT="Crinoiden-Stieles" HEIGHT="30" WIDTH="269" VPOS="1586" HPOS="309"/><SP WIDTH="14" VPOS="1589" HPOS="579"/><String CONTENT="übrig" HEIGHT="37" WIDTH="85" VPOS="1586" HPOS="594"/><SP WIDTH="13" VPOS="1595" HPOS="680"/><String CONTENT="geblieben" HEIGHT="36" WIDTH="149" VPOS="1586" HPOS="694"/><SP WIDTH="14" VPOS="1596" HPOS="844"/><String CONTENT="sind." HEIGHT="30" WIDTH="73" VPOS="1587" HPOS="859"/><SP WIDTH="24" VPOS="1588" HPOS="933"/><String CONTENT="Noch" HEIGHT="29" WIDTH="80" VPOS="1588" HPOS="958"/></TextLine>
<TextLine HEIGHT="39" WIDTH="873" VPOS="1638" HPOS="164"><String CONTENT="häufiger" HEIGHT="36" WIDTH="129" VPOS="1641" HPOS="164"/><SP WIDTH="22" VPOS="1648" HPOS="294"/><String CONTENT="sind" HEIGHT="29" WIDTH="64" VPOS="1639" HPOS="317"/><SP WIDTH="21" VPOS="1639" HPOS="382"/><String CONTENT="die" HEIGHT="29" WIDTH="45" VPOS="1638" HPOS="404"/><SP WIDTH="30" VPOS="1638" HPOS="450"/><String CONTENT="Abdrücke" HEIGHT="29" WIDTH="148" VPOS="1638" HPOS="481"/><SP WIDTH="29" VPOS="1638" HPOS="630"/><String CONTENT="der" HEIGHT="29" WIDTH="51" VPOS="1638" HPOS="660"/><SP WIDTH="29" VPOS="1638" HPOS="712"/><String CONTENT="Gelenkflächen" HEIGHT="30" WIDTH="215" VPOS="1638" HPOS="742"/><SP WIDTH="28" VPOS="1640" HPOS="958"/><String CONTENT="der" HEIGHT="29" WIDTH="50" VPOS="1640" HPOS="987"/></TextLine>
<TextLine HEIGHT="39" WIDTH="873" VPOS="1690" HPOS="164"><String CONTENT="Säulenglieder." HEIGHT="37" WIDTH="225" VPOS="1692" HPOS="164"/><SP WIDTH="53" VPOS="1692" HPOS="390"/><String CONTENT="Die" HEIGHT="29" WIDTH="51" VPOS="1691" HPOS="444"/><SP WIDTH="32" VPOS="1691" HPOS="496"/><String CONTENT="Kleineren" HEIGHT="30" WIDTH="155" VPOS="1690" HPOS="529"/><SP WIDTH="33" VPOS="1700" HPOS="685"/><String CONTENT="zeigen" HEIGHT="37" WIDTH="98" VPOS="1690" HPOS="719"/><SP WIDTH="28" VPOS="1691" HPOS="818"/><String CONTENT="40" HEIGHT="31" WIDTH="43" VPOS="1691" HPOS="847"/><SP WIDTH="27" VPOS="1691" HPOS="891"/><String CONTENT="bis" HEIGHT="29" WIDTH="45" VPOS="1692" HPOS="919"/><SP WIDTH="29" VPOS="1691" HPOS="965"/><String CONTENT="50" HEIGHT="32" WIDTH="42" VPOS="1691" HPOS="995"/></TextLine>
<TextLine HEIGHT="37" WIDTH="873" VPOS="1742" HPOS="163"><String CONTENT="radiale" HEIGHT="29" WIDTH="109" VPOS="1745" HPOS="163"/><SP WIDTH="21" VPOS="1745" HPOS="273"/><String CONTENT="Eiefen" HEIGHT="29" WIDTH="100" VPOS="1743" HPOS="295"/><SP WIDTH="32" VPOS="1751" HPOS="396"/><String CONTENT="mit" HEIGHT="30" WIDTH="54" VPOS="1742" HPOS="429"/><SP WIDTH="29" VPOS="1744" HPOS="484"/><String CONTENT="einer" HEIGHT="29" WIDTH="78" VPOS="1742" HPOS="514"/><SP WIDTH="27" VPOS="1742" HPOS="593"/><String CONTENT="fünfstrahligen" HEIGHT="37" WIDTH="225" VPOS="1742" HPOS="621"/><SP WIDTH="29" VPOS="1752" HPOS="847"/><String CONTENT="erhabenen" HEIGHT="31" WIDTH="159" VPOS="1743" HPOS="877"/></TextLine>
<TextLine HEIGHT="40" WIDTH="870" VPOS="1795" HPOS="164"><String CONTENT="Eosette" HEIGHT="31" WIDTH="116" VPOS="1798" HPOS="164"/><SP WIDTH="20" VPOS="1806" HPOS="281"/><String CONTENT="um" HEIGHT="20" WIDTH="48" VPOS="1805" HPOS="302"/><SP WIDTH="26" VPOS="1796" HPOS="351"/><String CONTENT="den" HEIGHT="28" WIDTH="52" VPOS="1796" HPOS="378"/><SP WIDTH="29" VPOS="1796" HPOS="431"/><String CONTENT="kleinen" HEIGHT="29" WIDTH="116" VPOS="1795" HPOS="461"/><SP WIDTH="27" VPOS="1804" HPOS="578"/><String CONTENT="centralen" HEIGHT="29" WIDTH="146" VPOS="1795" HPOS="606"/><SP WIDTH="27" VPOS="1795" HPOS="753"/><String CONTENT="Nahrungskanal," HEIGHT="40" WIDTH="253" VPOS="1795" HPOS="781"/></TextLine>
<TextLine HEIGHT="37" WIDTH="871" VPOS="1848" HPOS="163"><String CONTENT="welcher" HEIGHT="29" WIDTH="117" VPOS="1850" HPOS="163"/><SP WIDTH="22" VPOS="1859" HPOS="281"/><String CONTENT="zumeist" HEIGHT="30" WIDTH="119" VPOS="1848" HPOS="304"/><SP WIDTH="20" VPOS="1849" HPOS="424"/><String CONTENT="mit" HEIGHT="29" WIDTH="55" VPOS="1848" HPOS="445"/><SP WIDTH="14" VPOS="1849" HPOS="501"/><String CONTENT="fester" HEIGHT="29" WIDTH="89" VPOS="1849" HPOS="516"/><SP WIDTH="14" VPOS="1849" HPOS="606"/><String CONTENT="Thonmasse" HEIGHT="28" WIDTH="177" VPOS="1849" HPOS="621"/><SP WIDTH="15" VPOS="1856" HPOS="799"/><String CONTENT="ausgefüllt" HEIGHT="37" WIDTH="154" VPOS="1848" HPOS="815"/><SP WIDTH="14" VPOS="1849" HPOS="970"/><String CONTENT="ist." HEIGHT="30" WIDTH="49" VPOS="1849" HPOS="985"/></TextLine>
<TextLine HEIGHT="42" WIDTH="875" VPOS="1899" HPOS="160"><String CONTENT="Fig." HEIGHT="36" WIDTH="66" VPOS="1902" HPOS="160"/><SP WIDTH="22" VPOS="1902" HPOS="227"/><String CONTENT="2" HEIGHT="30" WIDTH="20" VPOS="1902" HPOS="250"/><SP WIDTH="21" VPOS="1900" HPOS="271"/><String CONTENT="(vergrössert.)" HEIGHT="42" WIDTH="214" VPOS="1899" HPOS="293"/><SP WIDTH="31" VPOS="1899" HPOS="508"/><String CONTENT="Die" HEIGHT="29" WIDTH="54" VPOS="1901" HPOS="540"/><SP WIDTH="22" VPOS="1900" HPOS="595"/><String CONTENT="Grösseren" HEIGHT="29" WIDTH="155" VPOS="1900" HPOS="618"/><SP WIDTH="27" VPOS="1910" HPOS="774"/><String CONTENT="zeigen" HEIGHT="37" WIDTH="100" VPOS="1901" HPOS="802"/><SP WIDTH="21" VPOS="1900" HPOS="903"/><String CONTENT="30" HEIGHT="32" WIDTH="42" VPOS="1900" HPOS="925"/><SP WIDTH="20" VPOS="1901" HPOS="968"/><String CONTENT="bis" HEIGHT="29" WIDTH="46" VPOS="1902" HPOS="989"/></TextLine>
<TextLine HEIGHT="32" WIDTH="872" VPOS="1953" HPOS="163"><String CONTENT="40" HEIGHT="31" WIDTH="43" VPOS="1954" HPOS="163"/><SP WIDTH="28" VPOS="1954" HPOS="207"/><String CONTENT="radiale" HEIGHT="29" WIDTH="110" VPOS="1954" HPOS="236"/><SP WIDTH="20" VPOS="1955" HPOS="347"/><String CONTENT="Eiefen" HEIGHT="29" WIDTH="99" VPOS="1954" HPOS="368"/><SP WIDTH="26" VPOS="1963" HPOS="468"/><String CONTENT="von" HEIGHT="20" WIDTH="55" VPOS="1963" HPOS="495"/><SP WIDTH="29" VPOS="1954" HPOS="551"/><String CONTENT="dem" HEIGHT="28" WIDTH="63" VPOS="1954" HPOS="581"/><SP WIDTH="29" VPOS="1962" HPOS="645"/><String CONTENT="meist" HEIGHT="29" WIDTH="85" VPOS="1953" HPOS="675"/><SP WIDTH="27" VPOS="1953" HPOS="761"/><String CONTENT="hohlen" HEIGHT="29" WIDTH="104" VPOS="1953" HPOS="789"/><SP WIDTH="29" VPOS="1963" HPOS="894"/><String CONTENT="runden" HEIGHT="30" WIDTH="111" VPOS="1954" HPOS="924"/></TextLine>
<TextLine HEIGHT="39" WIDTH="874" VPOS="2005" HPOS="160"><String CONTENT="Nahrungskanale" HEIGHT="37" WIDTH="261" VPOS="2007" HPOS="160"/><SP WIDTH="21" VPOS="2016" HPOS="422"/><String CONTENT="ausgehend," HEIGHT="37" WIDTH="173" VPOS="2007" HPOS="444"/><SP WIDTH="20" VPOS="2006" HPOS="618"/><String CONTENT="jedoch" HEIGHT="37" WIDTH="103" VPOS="2006" HPOS="639"/><SP WIDTH="21" VPOS="2005" HPOS="743"/><String CONTENT="fehlt" HEIGHT="30" WIDTH="73" VPOS="2005" HPOS="765"/><SP WIDTH="20" VPOS="2006" HPOS="839"/><String CONTENT="diesen" HEIGHT="30" WIDTH="99" VPOS="2005" HPOS="860"/><SP WIDTH="27" VPOS="2007" HPOS="960"/><String CONTENT="die" HEIGHT="30" WIDTH="46" VPOS="2006" HPOS="988"/></TextLine>
<TextLine HEIGHT="40" WIDTH="875" VPOS="2058" HPOS="158"><String CONTENT="Eosette." HEIGHT="29" WIDTH="127" VPOS="2060" HPOS="158"/><SP WIDTH="22" VPOS="2060" HPOS="286"/><String CONTENT="Fig." HEIGHT="35" WIDTH="64" VPOS="2060" HPOS="309"/><SP WIDTH="16" VPOS="2059" HPOS="374"/><String CONTENT="3" HEIGHT="31" WIDTH="20" VPOS="2059" HPOS="391"/><SP WIDTH="16" VPOS="2059" HPOS="412"/><String CONTENT="(nicht" HEIGHT="39" WIDTH="93" VPOS="2059" HPOS="429"/><SP WIDTH="14" VPOS="2061" HPOS="523"/><String CONTENT="vergrössert)." HEIGHT="40" WIDTH="199" VPOS="2058" HPOS="538"/><SP WIDTH="23" VPOS="2059" HPOS="738"/><String CONTENT="Manchmal" HEIGHT="28" WIDTH="162" VPOS="2059" HPOS="762"/><SP WIDTH="13" VPOS="2059" HPOS="925"/><String CONTENT="haben" HEIGHT="30" WIDTH="94" VPOS="2059" HPOS="939"/></TextLine>
<TextLine HEIGHT="39" WIDTH="872" VPOS="2111" HPOS="159"><String CONTENT="diese" HEIGHT="30" WIDTH="77" VPOS="2112" HPOS="159"/><SP WIDTH="21" VPOS="2112" HPOS="237"/><String CONTENT="in" HEIGHT="29" WIDTH="30" VPOS="2112" HPOS="259"/><SP WIDTH="21" VPOS="2113" HPOS="290"/><String CONTENT="Folge" HEIGHT="37" WIDTH="85" VPOS="2113" HPOS="312"/><SP WIDTH="22" VPOS="2121" HPOS="398"/><String CONTENT="eines" HEIGHT="30" WIDTH="78" VPOS="2112" HPOS="421"/><SP WIDTH="22" VPOS="2121" HPOS="500"/><String CONTENT="seitlichen" HEIGHT="29" WIDTH="154" VPOS="2112" HPOS="523"/><SP WIDTH="28" VPOS="2112" HPOS="678"/><String CONTENT="Druckes" HEIGHT="28" WIDTH="129" VPOS="2112" HPOS="707"/><SP WIDTH="30" VPOS="2120" HPOS="837"/><String CONTENT="eine" HEIGHT="29" WIDTH="61" VPOS="2111" HPOS="868"/><SP WIDTH="29" VPOS="2120" HPOS="930"/><String CONTENT="elip-" HEIGHT="37" WIDTH="71" VPOS="2112" HPOS="960"/></TextLine>
<TextLine HEIGHT="37" WIDTH="437" VPOS="2164" HPOS="159"><String CONTENT="tische" HEIGHT="30" WIDTH="93" VPOS="2164" HPOS="159"/><SP WIDTH="21" VPOS="2165" HPOS="253"/><String CONTENT="Form" HEIGHT="29" WIDTH="81" VPOS="2165" HPOS="275"/><SP WIDTH="23" VPOS="2174" HPOS="357"/><String CONTENT="angenommen." HEIGHT="28" WIDTH="215" VPOS="2173" HPOS="381"/></TextLine>
<TextLine HEIGHT="30" WIDTH="1131" VPOS="2230" HPOS="260"><String CONTENT="Aehnliche" HEIGHT="30" WIDTH="157" VPOS="2230" HPOS="260"/><SP WIDTH="22" VPOS="2239" HPOS="418"/><String CONTENT="aus" HEIGHT="21" WIDTH="50" VPOS="2239" HPOS="441"/><SP WIDTH="22" VPOS="2231" HPOS="492"/><String CONTENT="Eisenocker" HEIGHT="29" WIDTH="171" VPOS="2231" HPOS="515"/><SP WIDTH="33" VPOS="2232" HPOS="687"/><String CONTENT="bestehende" HEIGHT="29" WIDTH="172" VPOS="2231" HPOS="721"/><SP WIDTH="31" VPOS="2230" HPOS="894"/><String CONTENT="Schraubensteine" HEIGHT="30" WIDTH="258" VPOS="2230" HPOS="926"/><SP WIDTH="33" VPOS="2239" HPOS="1185"/><String CONTENT="sollen" HEIGHT="30" WIDTH="91" VPOS="2230" HPOS="1219"/><SP WIDTH="34" VPOS="2230" HPOS="1311"/><String CONTENT="bei" HEIGHT="29" WIDTH="45" VPOS="2230" HPOS="1346"/></TextLine>
<TextLine HEIGHT="39" WIDTH="1228" VPOS="2282" HPOS="156"><String CONTENT="Hüttenrode" HEIGHT="32" WIDTH="178" VPOS="2283" HPOS="156"/><SP WIDTH="28" VPOS="2293" HPOS="335"/><String CONTENT="am" HEIGHT="22" WIDTH="45" VPOS="2292" HPOS="364"/><SP WIDTH="28" VPOS="2284" HPOS="410"/><String CONTENT="Harze" HEIGHT="29" WIDTH="94" VPOS="2284" HPOS="439"/><SP WIDTH="21" VPOS="2284" HPOS="534"/><String CONTENT="in" HEIGHT="29" WIDTH="29" VPOS="2284" HPOS="556"/><SP WIDTH="22" VPOS="2283" HPOS="586"/><String CONTENT="devonischen" HEIGHT="30" WIDTH="188" VPOS="2283" HPOS="609"/><SP WIDTH="22" VPOS="2283" HPOS="798"/><String CONTENT="Schichten" HEIGHT="31" WIDTH="151" VPOS="2283" HPOS="821"/><SP WIDTH="21" VPOS="2292" HPOS="973"/><String CONTENT="gefunden" HEIGHT="38" WIDTH="141" VPOS="2283" HPOS="995"/><SP WIDTH="33" VPOS="2292" HPOS="1137"/><String CONTENT="worden" HEIGHT="31" WIDTH="111" VPOS="2283" HPOS="1171"/><SP WIDTH="29" VPOS="2291" HPOS="1283"/><String CONTENT="sein." HEIGHT="31" WIDTH="71" VPOS="2282" HPOS="1313"/></TextLine>
</TextBlock>
<ComposedBlock ID="BlockId-BE3643F8-C322-4744-9A4F-B5957FEABE08-" HEIGHT="952" WIDTH="267" VPOS="1177" HPOS="1097" TYPE="container">
<TextBlock ID="BlockId-B237042F-3289-49E7-916B-8459680F5E0E-" HEIGHT="46" WIDTH="105" VPOS="1177" HPOS="1183" STYLEREFS="StyleId-479DE67D-1BE4-495C-92C6-D12B0A8E6DF6- font0">
<TextLine HEIGHT="34" WIDTH="93" VPOS="1183" HPOS="1189"><String STYLE="bold" CONTENT="Fig" HEIGHT="34" WIDTH="51" VPOS="1183" HPOS="1189"/><SP WIDTH="18" VPOS="1186" HPOS="1241"/><String STYLE="bold" CONTENT="1." HEIGHT="25" WIDTH="22" VPOS="1186" HPOS="1260"/></TextLine>
</TextBlock><Illustration ID="BlockId-30CFAA91-B7C3-4AA2-91B0-B96D09E96441-" HEIGHT="892" WIDTH="267" VPOS="1237" HPOS="1097"/></ComposedBlock>
<ComposedBlock ID="BlockId-83C04567-C4BB-43AA-A8AF-834994345F3D-" HEIGHT="316" WIDTH="80" VPOS="1286" HPOS="1227" TYPE="separatorsBox"><GraphicalElement ID="BlockId-9D6A0CFC-AA60-414F-A8D9-A531FE2CD5BE-" HEIGHT="4" WIDTH="76" VPOS="1286" HPOS="1227"/><GraphicalElement ID="BlockId-7B164452-F6DE-45B6-BFED-41753EC24FE3-" HEIGHT="4" WIDTH="77" VPOS="1594" HPOS="1230"/><GraphicalElement ID="BlockId-63BE5CE8-CB77-454D-B510-D1B79DC01894-" HEIGHT="316" WIDTH="8" VPOS="1286" HPOS="1296"/><GraphicalElement ID="BlockId-95670049-0EDF-4BA1-9B26-8CFB1519F40C-" HEIGHT="312" WIDTH="9" VPOS="1286" HPOS="1234"/></ComposedBlock><GraphicalElement ID="BlockId-F58379FF-B2A0-49E9-A469-867BD6C50A60-" HEIGHT="9" WIDTH="227" VPOS="1653" HPOS="1111"/><GraphicalElement ID="BlockId-DBCCF552-9985-443E-A1C2-F89A483F0000-" HEIGHT="10" WIDTH="200" VPOS="2014" HPOS="1155"/><GraphicalElement ID="BlockId-ED9C94A2-2F7B-4F60-A7E8-41A034F63394-" HEIGHT="6" WIDTH="72" VPOS="1321" HPOS="1230"/><GraphicalElement ID="BlockId-FCF0B437-0E63-4D60-B7C6-B31A92D28E77-" HEIGHT="325" WIDTH="9" VPOS="1268" HPOS="1099"/><GraphicalElement ID="BlockId-C65EAD66-EAD1-4FA1-9971-2948A6EF93EA-" HEIGHT="359" WIDTH="10" VPOS="1269" HPOS="1354"/>
</PrintSpace>
</Page>
</Layout>
</alto>
