787 216 204 28 2619638153

1240 287 4 4 -
1253 266 17 29 \
1284 269 23 22 'V
1313 271 16 20 \

674 301 73 42 Der

128 381 685 66 petrefactenführende
854 377 434 55 Schieferthon

483 473 58 23 von
566 464 161 31 Petrowitz
751 463 32 32 in
807 464 128 31 Mähren

338 584 355 28 Alexander
729 584 356 33 Makowsky,

589 631 112 20 Professor
715 631 22 20 in
753 632 76 19 Drünn.

88 694 195 26 (Separatabdrnck
297 701 39 16 aus
351 696 46 20 dem
407 696 33 20 XI.
451 696 72 21 Bande
538 696 38 21 der
590 696 181 25 Verhandlungen
785 696 70 25 (1873)
871 696 37 20 des
922 696 146 21 naturforsch.
1078 695 103 22 Vereines
1195 695 23 21 in
1233 695 72 21 Brünn
1315 696 9 24 )

196 825 80 30 Etwa
298 826 60 29 eine
381 826 84 29 Meile
489 826 105 29 östlich
618 835 54 20 von
695 826 90 37 Eaitz,
811 825 29 30 in
856 825 220 30 nnmittelbarer
1090 826 83 29 Nähe
1188 826 48 28 der
1253 825 53 29 Ort172

91 877 96 29 schaft
210 878 152 28 Petrowitz
386 878 31 28 in
440 878 128 35 Mähren,
594 878 71 29 wird
681 879 50 28 das
748 878 193 37 Syenitgehiet
957 879 49 28 der
1022 878 172 37 Umgebung
1209 878 114 28 Brünns

90 938 54 20 von
168 930 54 28 den
246 930 132 29 Gliedern
401 930 50 29 der
473 930 190 30 devonischen
686 930 166 30 Formation
874 931 175 37 überlagert.

195 982 45 28 An
264 982 55 29 den
343 982 227 29 Contactflächen
595 983 91 29 dieser
709 982 115 29 Glieder
846 982 54 29 mit
923 983 62 28 dem
1010 981 124 38 Syenite,
1152 981 52 29 wie
1227 981 80 29 insbe172

89 1035 117 28 sondere
227 1034 30 29 in
281 1034 175 37 Höhlungen
478 1035 58 28 und
560 1035 118 36 Spalten
702 1036 48 29 des
781 1035 189 29 devonischen
993 1034 118 35 Kalkes,
1136 1033 94 29 finden
1261 1033 61 29 sich

90 1086 83 35 gelbe
196 1087 66 29 oder
292 1087 89 37 rothe,
412 1088 81 28 stark
524 1087 227 36 eisenschüssige
781 1087 105 37 Thone,
917 1085 105 30 welche
1050 1086 30 29 in
1109 1086 124 29 Nestern
1263 1085 59 29 und

88 1138 167 30 schwachen
277 1138 113 38 Lagern
412 1139 116 37 thonige
551 1139 243 29 Brauneisenerze
817 1139 161 28 enthalten.

190 1191 44 28 Im
257 1191 211 37 langjährigem
497 1191 119 30 Abbaue
646 1191 131 29 befinden
810 1191 62 28 sich
902 1190 78 30 diese
1009 1191 72 28 Erze
1110 1189 127 29 nördlich
1267 1197 54 21 von

86 1243 154 28 Petrowitz
264 1242 32 29 in
318 1244 54 28 den
396 1243 113 30 Gruben
533 1252 55 21 von
611 1243 168 35 Niemczitz,
799 1243 84 28 sowie
898 1242 200 29 insbesondere
1115 1241 40 29 im
1171 1240 149 30 südlichen

88 1294 117 30 Gebiete
219 1295 30 29 in
265 1295 54 28 den
336 1295 180 29 zahlreichen
535 1296 114 28 Graben
666 1304 53 20 von
736 1295 105 28 Ruditz
859 1294 46 29 bei
921 1294 212 34 Olomutschan,
1151 1301 54 21 von
1228 1293 93 28 woher

86 1347 45 29 die
158 1347 136 29 fürstlich
325 1346 176 31 Salm’schen
531 1348 104 29 Werke
667 1348 30 28 in
727 1347 127 29 Blansko
884 1347 54 28 den
967 1346 132 37 grössten
1130 1345 81 29 Theil
1242 1345 78 29 ihres

85 1399 188 29 Erzbedarfes
297 1399 143 30 beziehen.

188 1451 142 37 Beiläufig
352 1451 64 32 300
438 1452 90 29 Meter
550 1452 131 29 nördlich
704 1460 54 21 von
781 1451 151 29 Petrowitz
955 1450 115 29 wurden
1092 1450 39 29 im
1154 1449 90 30 Laufe
1270 1450 50 29 des

85 1504 104 29 Jahres
214 1503 84 32 1872
320 1513 53 21 von
398 1505 50 28 der
478 1502 177 32 Salm’schen
686 1503 213 30 Gewerkschaft
929 1503 126 29 mehrere
1079 1501 239 30 Schürfversuche

84 1556 51 29 auf
155 1556 149 29 Eisenerze
327 1555 134 38 angelegt
484 1557 58 28 und
564 1556 46 30 bei
633 1556 93 31 dieser
749 1555 185 37 Gelegenheit
957 1556 30 28 in
1002 1555 198 30 wechselnden
1216 1554 100 29 Tiefen

84 1608 46 29 ein
153 1617 55 20 von
231 1608 180 29 Petrefacten
434 1617 73 28 ganz
530 1608 129 30 erfüllter
682 1608 195 30 Schieferthon
901 1607 186 37 angefahren,
1120 1607 49 29 der
1192 1606 47 30 für
1269 1605 48 30 die

82 1660 293 36 Altersbestimmung
410 1661 50 28 der
493 1660 200 38 umliegenden
727 1659 313 37 versteinerungslosen
1067 1659 159 30 -Schichten
1264 1667 53 21 von

84 1721 114 27 grosser
221 1712 193 36 Wichtigkeit
436 1712 48 29 ist.

183 1765 99 29 Dieser
302 1764 209 38 Schieferthon,
536 1765 128 29 deutlich
687 1763 188 39 geschichtet,
898 1764 52 29 hat
972 1764 45 29 ein
1041 1764 171 37 constantes,
1231 1762 70 30 nord172

84 1817 145 31 südliches
253 1817 147 33 Streichen
424 1816 33 41 (h
482 1815 31 43 1)
537 1817 49 29 ein
610 1817 134 30 östliches
768 1816 169 30 Verflachen
967 1816 54 29 mit
1043 1814 42 32 25
1108 1816 44 29 bis
1175 1815 42 31 30
1241 1815 76 29 Grad

84 1869 147 39 Neigung.

183 1922 36 30 In
243 1923 63 29 dem
329 1922 73 30 nahe
433 1921 49 31 der
510 1921 107 30 Grenze
645 1921 50 30 des
730 1921 129 38 Syenites
891 1920 258 38 vorgeschlagenen
1180 1919 137 30 Schachte

80 1974 96 30 wurde
206 1974 31 30 in
266 1975 79 29 einer
377 1975 78 30 Tiefe
482 1983 54 21 von
566 1973 20 32 6
618 1974 89 30 Meter
737 1973 106 30 bereits
875 1973 99 38 Syenit
1003 1973 45 29 als
1082 1972 157 38 Liegendes
1267 1972 50 29 des

81 2027 229 30 Schieferthones
333 2028 187 35 angetroffen.

189 2079 36 29 In
248 2079 93 29 einem
364 2080 72 29 etwa
459 2079 42 31 30
523 2080 91 29 Meter
637 2078 103 31 östlich
763 2077 94 31 davon
879 2077 149 38 liegenden
1059 2076 138 31 Schachte
1226 2076 90 41 ergab

80 2132 70 36 sich,
174 2133 73 29 nach
282 2133 54 29 den
371 2133 198 29 freundlichen
605 2131 223 37 Mittheilungen
863 2131 49 29 des
940 2130 95 29 Herrn
1070 2128 245 38 Bergingenieurs

76 2185 156 38 Schubert,
257 2183 207 39 nachfolgende
488 2184 236 31 Schichtenreihe
736 2193 7 19 :

182 2238 92 29 Unter
297 2238 77 29 einer
396 2237 54 32 0'3
474 2247 38 21 m.
538 2238 117 28 starken
678 2236 241 29 Humusschichte
938 2235 90 37 folgte
1044 2235 64 30 eine
1124 2234 19 31 2
1160 2243 38 20 m.
1216 2233 99 30 starke

76 2289 80 38 Lage
178 2300 55 20 von
256 2290 198 30 Diluvialthon
477 2291 108 28 sodann
609 2290 63 29 eine
695 2288 20 32 5
738 2298 40 21 m.
802 2289 141 36 mächtige
966 2287 133 30 Schichte
1128 2295 55 21 von
1213 2287 102 36 gelben

75 2343 58 29 und
149 2344 102 29 rothen
268 2344 118 29 Thonen
402 2343 54 29 mit
472 2343 169 29 schwachen
658 2341 178 30 Erzstreifen
847 2356 44 7 —
902 2340 46 30 die
965 2339 186 30 erzführende
1169 2338 143 30 Schichte.
