222 134 20 32 2

328 240 195 29 Unmittelbar
546 241 83 28 unter
646 240 54 28 den
716 239 205 29 erzführenden
938 239 118 29 Thonen
1073 238 71 37 liegt
1160 239 49 28 der
1224 240 71 28 oben
1313 240 143 28 erwähnte

224 291 207 36 Schieferthon,
455 292 121 29 welcher
599 293 44 27 bis
663 292 72 36 jetzt
759 292 52 28 auf
832 291 41 31 22
896 300 37 20 m.
961 291 141 37 verquert,
1127 291 47 29 bei
1203 291 77 29 einer
1310 292 130 37 Mächtig172

223 343 59 29 keit
305 352 52 21 von
383 344 39 30 13
447 354 47 28 m.,
519 345 73 28 noch
614 344 82 28 nicht
719 345 177 28 durchsenkt
919 344 50 28 ist.

326 397 34 28 In
390 397 103 29 zweien
524 397 40 28 im
595 396 150 30 südlichen
775 396 145 30 Streichen
949 395 148 37 liegenden
1128 394 167 38 Schächten,
1325 394 42 32 50
1397 397 58 27 und

1229 435 138 17 .V

223 447 42 31 70
286 457 37 21 m.
348 456 54 21 von
425 449 62 28 dem
512 449 124 35 Vorigen
661 448 135 37 entfernt,
821 448 97 28 wurde
941 447 140 29 ebenfalls
1106 447 49 28 der
1172 447 197 29 Schieferthon
1385 448 54 28 mit172

221 499 68 31 telst
312 499 207 34 Querstrecken
542 500 184 37 angefahren,
751 500 70 28 doch
844 499 66 29 sind
933 499 47 29 die
1005 499 97 28 Thone
1126 498 39 29 im
1187 499 178 35 Hangenden
1389 500 49 28 des172

222 551 96 28 selben
342 551 66 28 weit
430 552 168 35 mächtiger.
645 552 51 28 Die
719 551 209 28 erzführend.eu
951 551 98 29 ThOne
1062 550 143 30 .Scheinen
1229 551 72 28 nach
1323 552 56 28 den
1394 551 44 29 bis172

222 602 118 38 herigen
364 604 256 36 Untersuchungen
643 603 62 28 hier
727 602 62 29 eine
814 611 98 28 grosse
935 602 97 28 Mulde
1057 601 186 38 auszufüllen,
1277 602 105 30 welche
1404 604 49 28 der

221 654 99 30 weiter
342 655 41 28 im
406 656 88 28 Osten
517 655 174 29 anstehende
714 654 168 29 devonische
905 655 73 27 Kalk
998 654 59 28 und
1073 654 50 29 der
1139 653 198 30 Schieferthon
1352 655 98 29 bildet.

323 707 35 28 In
374 707 162 32 demselben
551 709 94 33 treten
660 710 129 34 grössere
806 707 58 28 und
881 705 131 29 kleinere
1029 706 147 28 Trümmer
1192 713 54 21 von
1262 706 191 29 devonischen

220 759 110 28 Kalken
354 759 58 37 auf,
436 760 85 29 sowie
554 760 31 28 in
608 759 118 29 Klüften
755 759 86 29 theils
871 758 221 36 krystallisirter
1121 757 86 29 theils
1238 758 100 29 derber
1367 760 86 35 grob-

220 810 250 36 krystallinischer
499 812 99 34 Calcit,
622 820 71 24 von.
700 811 148 29 derselben
871 809 146 35 Keinheit,
1041 809 53 29 wie
1117 818 30 20 er
1171 809 66 29 weit
1265 810 130 37 häufiger
1422 811 30 29 in

222 862 53 28 den
300 862 113 29 Gruben
436 872 54 27 yon
513 863 158 29 Niemczitz
694 862 136 37 getroffen
853 862 81 29 wird.

323 914 69 29 Was
416 915 45 28 die
486 915 194 36 Verbreitung
704 914 99 29 dieses'
821 913 232 29 Schieferthones
1076 913 121 37 betrifft,
1221 921 30 21 so
1268 915 95 27 wurde
1387 914 49 29 der172

220 965 76 29 selbe
320 966 30 28 in
382 967 53 28 den
465 967 115 29 Gruben
608 975 53 20 von
692 966 165 41 Niemczitz^
888 967 31 27 in
949 966 49 28 der
1031 965 147 36 Kichtung
1208 965 49 29 des
1287 966 165 29 nördlichen

221 1018 160 29 Streichens
413 1019 61 28 eine
504 1019 85 28 Meile
620 1028 53 19 von
707 1018 151 29 Petrowitz
882 1017 136 37 entfernt,
1042 1017 96 28 bisher
1162 1016 81 29 nicht
1273 1017 177 38 beobachtet,

220 1070 74 28 denn
317 1070 63 29 hier
402 1072 121 28 trennen
547 1071 45 28 die
622 1070 206 29 erzführenden
857 1070 96 28 Thone
983 1069 30 28 in
1044 1069 192 28 wechselnder
1264 1069 189 37 Mächtigkeit

218 1130 54 20 von
300 1121 53 31 0’2
376 1123 43 28 bis
443 1123 20 30 2
486 1132 37 20 m.
548 1123 54 28 den
626 1122 98 37 Syenit
747 1131 63 20 vom
833 1121 190 29 devonischen
1047 1121 99 29 Kalke.
1181 1120 35 28 In
1239 1121 48 28 der
1304 1121 145 36 Kichtung

218 1174 49 28 des
284 1174 148 29 südlichen
458 1175 169 36 Streichens,
652 1175 72 27 etwa
742 1172 61 31 150
818 1182 36 20 m.
871 1182 56 20 von
942 1174 55 28 den
1012 1172 99 29 früher
1126 1172 166 37 angelegten
1309 1172 139 29 Schürfen

220 1225 134 38 entfernt,
379 1226 115 29 wurden
517 1226 40 28 im
580 1226 186 36 Spätherbste
795 1226 66 28 zwei
884 1234 71 20 neue
976 1225 240 28 Schürfversuche
1243 1226 131 34 gemacht
1393 1226 58 28 und

219 1277 108 29 hierbei
350 1278 85 28 schon
460 1278 30 28 in
514 1278 101 28 Tiefen
638 1286 55 20 von
716 1276 18 32 8
759 1278 58 28 und
843 1276 40 31 10
906 1287 36 19 m.
967 1278 51 27 der
1034 1276 168 29 devonische
1218 1277 77 28 Kalk
1313 1277 136 35 erreicht,

218 1329 119 29 bedeckt
360 1338 55 20 von
438 1330 103 37 gelben
565 1330 57 28 und
645 1330 102 28 rothen
770 1330 127 28 Thonen.
934 1330 150 28 Entweder
1107 1329 52 28 hat
1182 1329 88 28 daher
1286 1329 50 28 der
1352 1329 82 28 Schie172

220 1381 115 29 ferthon
358 1381 62 29 sich
443 1382 105 29 bereits
572 1382 192 36 ausgedrückt
787 1382 76 37 oder,
894 1390 58 20 was
982 1381 79 29 nicht
1090 1380 278 29 unwahrscheinlich
1399 1382 50 36 ist,

218 1433 63 30 eine
303 1434 96 29 kleine
422 1435 152 36 Wendung
596 1435 75 28 nach
694 1434 118 29 Westen
836 1433 140 38 gemacht.

321 1487 58 28 Für
402 1487 116 29 letztere
542 1487 121 28 Ansicht
687 1487 109 36 spricht
820 1486 51 28 das
887 1486 188 29 Vorkommen
1099 1484 79 29 eines
1201 1485 159 29 demselben
1383 1485 65 29 sehr

218 1540 183 28 verwandten
418 1539 234 37 Schieferthones,
676 1540 118 28 welcher
816 1538 45 29 im-
878 1537 148 29 südlichen
1044 1536 157 37 Streichen,
1219 1537 61 28 eine
1296 1538 84 29 Meile
1394 1546 54 20 von

216 1591 152 29 Petrowitz
393 1591 136 37 entfernt,
553 1591 39 28 im
616 1591 205 29 Punkwathale
844 1590 108 29 unweit
976 1590 50 28 der
1049 1589 199 29 Felsenmühle
1280 1590 42 28 als
1354 1589 80 29 Schei172

218 1644 172 36 dungsglied
414 1644 49 29 des
487 1643 189 29 devonischen
700 1644 106 28 Kalkes
830 1644 58 27 und
912 1643 129 36 Syenites
1065 1651 33 19 zu
1122 1642 76 36 Tage
1221 1642 74 28 tritt.

318 1696 135 29 Derselbe
475 1695 117 35 besitzt,
615 1695 47 29 bei
685 1695 78 29 einer
785 1695 191 37 Mächtigkeit
999 1703 54 21 von
1079 1696 71 27 etwa
1173 1694 19 30 3
1215 1703 48 28 m.,
1288 1694 63 29 eine
1375 1695 57 28 dun172

216 1748 134 37 kelgrüne
366 1748 45 28 bis
434 1748 139 30 röthliche
597 1748 99 28 Farbe.
742 1748 108 36 Spuren
874 1756 54 20 von
952 1747 180 29 Petrefacten
1147 1747 136 37 konnten,
1300 1746 146 30 vielleicht

216 1800 31 28 in
270 1800 85 37 Folge
379 1801 49 28 der
459 1800 262 37 vorgeschrittenen
752 1800 222 37 Verwitterung,
1006 1799 30 29 in
1068 1800 160 28 demselben
1250 1799 81 29 nicht
1354 1800 79 28 wahr172

214 1860 165 28 genommen
403 1853 122 29 werden.

318 1905 69 29 Was
411 1905 46 29 die
480 1904 231 30 Charakteristik
734 1905 49 28 des
807 1905 229 28 Schieferthones
1060 1913 53 20 von
1143 1905 152 28 Petrowitz
1324 1904 121 38 betrifft,

216 1965 31 20 so
269 1957 39 29 ist
332 1957 125 30 dieselbe
480 1959 38 27 im
542 1957 216 30 Wesentlichen
780 1956 132 37 folgende
925 1966 7 21 :

317 2009 102 30 Frisch
441 2020 51 19 aus
517 2011 50 28 der
590 2010 94 29 Grube
713 2018 166 29 genommen
910 2010 40 29 ist
981 2011 50 28 der
1061 2010 80 29 Thon
1172 2010 165 37 schmierig,
1367 2019 81 21 wenn

215 2062 72 28 auch
309 2061 80 29 nicht
413 2063 148 37 plastisch,
586 2064 70 28 stets
680 2062 126 29 deutlich
821 2060 191 39 'geschiefert,
1037 2062 58 29 und
1117 2062 89 29 leicht
1229 2063 140 36 spaltbar.

318 2114 39 28 Er
388 2116 113 28 besteht
534 2124 51 21 aus
617 2114 227 38 mikroskopisch
874 2114 93 29 feinen
998 2114 237 35 Thontheilchen,
1267 2115 179 38 Eisenocker,

215 2166 283 31 Glimmerblättchen
521 2168 58 29 und
603 2168 97 29 feinen
723 2167 261 35 Quarzstäubchen.
1010 2167 82 29 Seine
1108 2167 91 29 Farbe
1221 2167 41 29 ist
1285 2168 160 36 ockergelb,

214 2219 186 29 stellenweise
423 2219 127 30 röthlich
573 2221 58 28 und
653 2220 129 30 bläulich
803 2228 81 29 grau.
929 2219 46 29 An
999 2220 48 29 der
1066 2219 69 29 Luft
1153 2219 207 30 verschwindet
1376 2221 69 28 bald

212 2271 44 31 die
278 2271 198 39 Bergfeuchte,
501 2273 87 29 wobei
611 2273 49 29 der
684 2273 80 31 Thon
781 2281 30 20 so
828 2273 137 40 erhärtet,
983 2273 66 29 dass
1066 2281 30 23 er
1111 2273 211 38 angeschlagen
1338 2273 105 38 klingt,
