231 169 22 30 4

333 272 139 30 Indessen
494 273 109 29 stimmt
632 273 47 29 die
708 273 166 37 Abbildung
896 272 94 30 dieser
1012 273 109 29 Harzer
1145 271 255 31 Schraubensteine
1414 272 47 30 bei

231 326 93 28 Knorr
348 325 181 37 (Merkwürd.
560 325 39 29 II.
633 325 68 29 Tab.
727 325 31 29 G.
786 322 82 43 VII.)
892 325 58 28 und
981 325 45 29 bei
1056 325 155 35 Quenstedt
1242 325 115 38 (Petief.
1391 325 70 28 Tab.

230 377 52 35 54,
313 377 63 36 Fig.
409 376 51 38 34,
490 375 42 32 35
561 377 58 28 und
647 376 53 37 36)
733 394 39 4 —
801 386 54 20 von
885 377 174 29 Schlotheim
1088 376 172 31 Encrinites
1295 377 170 36 epithonius

232 431 126 36 genannt
380 446 43 4 —
446 430 54 28 mit
523 429 103 37 obigen
651 430 276 28 Schraubensteinen
951 430 80 29 nicht
1054 431 185 28 vollkommen
1263 429 118 29 überein

333 481 54 29 Die
401 482 151 28 Abdrücke
567 482 48 28 der
627 484 149 33 grösseren
792 481 218 30 Gehmkflächen
1025 482 97 37 zeigen
1136 483 139 36 hingegen
1293 481 61 31 eine
1368 487 96 31 grosso

231 533 301 36 Uebereinstiinmung
548 534 52 28 mit
616 533 180 37 denjenigen,
816 534 100 28 welche
939 534 30 28 in
988 543 113 28 grosser
1114 535 100 35 Menge
1234 533 30 29 in
1283 534 54 28 den
1357 533 106 33 Quarz-

231 587 172 34 psammiten
427 586 48 28 der
501 585 274 29 Devon-Formation
799 586 49 28 des
873 586 109 28 Harzes
1007 587 143 35 gefunden
1181 586 57 28 und
1270 594 34 19 zu
1337 584 125 36 Cyatho-

231 639 104 27 crinus
365 638 155 35 pinnatus
559 636 84 40 Golf.
679 636 213 38 (Ctenocrinus
921 640 91 34 typus
1046 638 69 35 Br.)
1148 637 120 37 gehörig
1297 637 162 28 betrachtet

230 690 121 30 werden.

335 732 93 39 tlnter
451 741 115 29 solchen
593 741 178 29 Umständen
794 741 73 30 lässt
891 741 63 30 sich
984 741 56 29 die'
1063 741 149 30 Crinoiden
1221 757 13 6 -
1243 741 113 37 Species
1386 741 73 29 wohl

229 793 81 30 nicht
333 793 54 29 mit
410 792 146 30 absoluter
581 793 173 29 Gewissheit
777 793 178 31 bestimmen.

332 844 174 30 Hoffentlich
529 845 113 28 werden
665 845 184 36 fortgesetzte
872 845 260 37 Untersuchungen
1149 845 46 30 die
1211 845 140 29 Identität
1367 845 90 29 dieser

230 897 259 36 Crinoidenspecies
518 897 154 28 herstellen
696 897 57 29 und
776 897 47 28 die
846 897 201 37 Bestimmung
1070 898 49 28 der
1150 897 121 37 übrigen
1295 897 162 29 Thierreste

229 949 200 37 ermöglichen.
481 963 3 6 ■
729 953 5 4 '
784 973 3 3 .
